@article{to03000u,
  title={Galactic bridges and tails},
  author={Toomre, A. and Toomre, J.},
  journal={Astrophys. J.},
  volume={178},
  pages={623--666},
  year={1972},
  doi={10.1086/151823},
}

@misc{github,
  author={Christian Amezcua, Zice Zhao, Blase Fencil},
  title={GitHub Repository},
  howpublished={\url{https://github.com/chrisamz/141-midterm}},
  year={2023}
}